<record><leader>00000cas a22000007a 4500</leader><controlfield tag="001">18035999</controlfield><controlfield tag="008">880603d19621963nyuwr ne      0    0eng d</controlfield><datafield ind1=" " ind2=" " tag="010"><subfield code="a">sn 88074438 </subfield></datafield><datafield ind1=" " ind2=" " tag="040"><subfield code="a">NYS</subfield><subfield code="b">eng</subfield><subfield code="c">NYS</subfield><subfield code="d">OCLCQ</subfield></datafield><datafield ind1=" " ind2=" " tag="042"><subfield code="a">msc</subfield></datafield><datafield ind1="0" ind2=" " tag="130"><subfield code="a">Sir Bill patriot (Johnstown, N.Y. : 1962)</subfield></datafield><datafield ind1="1" ind2="0" tag="245"><subfield code="a">Sir Bill patriot.</subfield></datafield><datafield ind1=" " ind2=" " tag="260"><subfield code="a">Johnstown, N.Y. :</subfield><subfield code="b">C.H. Grose,</subfield><subfield code="c">1962-1963.</subfield></datafield><datafield ind1=" " ind2=" " tag="300"><subfield code="a">v.</subfield></datafield><datafield ind1=" " ind2=" " tag="310"><subfield code="a">Weekly</subfield></datafield><datafield ind1="0" ind2=" " tag="362"><subfield code="a">Vol. 1, no. 1 (Sept. 6, 1962)-v. 2, no. 16 (Dec. 26, 1963).</subfield></datafield><datafield ind1=" " ind2="4" tag="651"><subfield code="a">Johnstown (N.Y.)</subfield><subfield code="v">Newspapers.</subfield></datafield><datafield ind1=" " ind2=" " tag="752"><subfield code="a">United States</subfield><subfield code="b">New York</subfield><subfield code="c">Fulton</subfield><subfield code="d">Johnstown.</subfield></datafield><datafield ind1="0" ind2="0" tag="785"><subfield code="t">Patriot (Johnstown, N.Y. : 1964)</subfield><subfield code="w">(DLC)sn 88074776</subfield></datafield><datafield ind1="1" ind2=" " tag="029"><subfield code="a">AU@</subfield><subfield code="b">000020522015</subfield></datafield></record>